@misc{ wiki:latex,
       author = "Wikipedia",
       title = "LaTeX --- Wikipedia{,} La enciclopedia libre",
       year = "2015",
       url = "https://es.wikipedia.org/w/index.php?title=LaTeX&oldid=84209252",
       note = "[Internet; descargado 30-septiembre-2015]"
}
@misc{ ine:urljson,
       author = "INE",
       title = "API JSON - Definición de URLs",
       url = "https://www.ine.es/dyngs/DataLab/manual.html?cid=47"
}
@misc{ scrum:definicion,
       author = "proyectos ágiles",
       title = "Definición de Scrum",
       url = "https://proyectosagiles.org/que-es-scrum/"
}
@misc{ Laravel:controladores,
    title="Controladores de Laravel",
    author="ajgallego",
    url= "https://ajgallego.gitbook.io/laravel-5/capitulo_2/capitulo_2_controladores"

}
@misc{ Laravel:modelos,
  title= "Modelos de Laravel",
  author="Laravel",
  url="https://laravel.com/docs/8.x/eloquent"
}
@misc{ Composer:definicion,
title= "Composer",
author = "Wikipedia",
url="https://es.wikipedia.org/wiki/Composer"
}
@misc{ VisualStudio,
title="Visual Studio",
author = "Wikipedia",
url="https://es.wikipedia.org/wiki/Microsoft_Visual_Studio"
}
@misc{ LaravelDusk,
title="Laravel Dusk",
author = "Laravel",
url="https://laravel.com/docs/8.x/dusk"
}
@misc{ Xampp,
title="Xampp",
author = "Wikipedia",
url="https://es.wikipedia.org/wiki/XAMPP"
}
@misc{ Docker,
title="Docker",
author = "Wikipedia",
url="https://es.wikipedia.org/wiki/Docker_(software)"
}
@misc{ LaravelExcel,
title="Laravel Excel",
author = "Laravel excel",
url="https://laravel-excel.com/"
}
@misc{ TutorialLaravel,
title="Tutorial Laravel básico",
author="freeCodeCamp.org",
url="https://www.youtube.com/watch?v=ImtZ5yENzgE"
}
@misc{ TutorialLaravel2,
title="Tutorial laravel 2",
author="pildorasinformaticas",
url="https://www.youtube.com/watch?v=0sHSrqyZCnM&list=PLU8oAlHdN5Bk-qkvjER90g2c_jVmpAHBh"
}
@misc{ PrimerProyecto,
title="Primer proyecto en laravel",
author="Julio Yáñez Novo",
url="https://codigoxules.org/primeros-pasos-para-la-creacion-de-una-aplicacion-web-con-laravel/"
}
@misc{ TutorialPHP,
title="Tutorial PHP para principiantes",
author="ionos",
url="https://www.ionos.es/digitalguide/paginas-web/creacion-de-paginas-web/tutorial-de-php-fundamentos-basicos-para-principiantes/"
}
@misc{ CursoPHP,
title="Curso de php",
author="tutorialesya",
url="https://www.tutorialesprogramacionya.com/phpya/"
}
@misc{ eurostat,
title="Eurostat",
author="Eurostat",
url="https://ec.europa.eu/eurostat/data/database"
}
@misc{ apijcyl,
title="API de la Junta de Castilla y León",
author="Junta de Castilla y León",
url="https://analisis.datosabiertos.jcyl.es/api/v1/console/datasets/1.0/search/"
}
@misc{ IntegraciónContinua,
title="Integración continua",
author="Wikipedia",
url="https://es.wikipedia.org/wiki/Integraci%C3%B3n_continua#:~:text=La%20integraci%C3%B3n%20continua%20(continuous%20integration,pruebas%20de%20todo%20un%20proyecto."
}
@misc{ definicionHash,
title="Definición de hash",
author="Brian Donohue",
url="https://latam.kaspersky.com/blog/que-es-un-hash-y-como-funciona/2806/#:~:text=10%20Abr%202014-,Una%20funci%C3%B3n%20criptogr%C3%A1fica%20hash%2D%20usualmente%20conocida%20como%20%E2%80%9Chash%E2%80%9D%2D,tendr%C3%A1%20siempre%20la%20misma%20longitud."
}
@misc{ passwordHash,
title="password\_hash()",
author="php.net",
url="https://www.php.net/manual/es/function.password-hash.php"
}
@misc { crypt,
title="Función crypt",
author="php.net",
url="https://www.php.net/manual/es/function.crypt.php"
}
@misc{ salt,
title="salt",
author="wikipedia",
url={https://es.wikipedia.org/wiki/Sal_(criptograf%C3%ADa)}
}
@misc{ HashLaravel,
title="Hash de Laravel",
author="Laravel",
url="https://laravel.com/docs/8.x/hashing"
}
@misc{ AdminLTE,
title={AdminLTE URL},
author="Alejandro Amaral",
url={https://logico.ar/blog/2020/04/08/los-3-mejores-paneles-de-administracion-open-source-de-2020}
}
@misc{ composer,
title="Explicación del uso de composer",
author="desarrolloweb",
url="https://desarrolloweb.com/articulos/composer-gestor-dependencias-para-php.html"
}
@misc{ selenium,
title="Instalación de selenium en laradock",
author="Michael Brooks",
url="https://blog.michaelbrooks.dev/running-laravel-dusk-with-docker-using-ddev/"
}
@misc{ datosab,
title="Datos abiertos de la junta de Castilla y León: El proyecto",
author="datosabiertos jcyl",
url="https://datosabiertos.jcyl.es/web/es/iniciativa-datos-abiertos/proyecto-junta-castilla-leon.html"
}